// this file needs to be refactored into one that actually uses our paths to correct files . consider this file a template for the correct file.

@article{rives2021biological,
  title={Biological structure and function emerge from scaling unsupervised learning to 250 million protein sequences},
  author={Rives, Ali and Meier, Jonas and Sercu, Tom and Goyal, Siddharth and others},
  journal={Proceedings of the National Academy of Sciences},
  year={2021},
  volume={118},
  number={15},
  pages={e2016239118},
  doi={10.1073/pnas.2016239118}
}

@misc{anarci,
  title={ANARCI: Antibody Numbering and Receptor ClassIfication},
  howpublished={https://github.com/oxpig/ANARCI},
  note={Accessed 2025-10-04}
}

@misc{hmmer,
  title={HMMER3: profile HMMs for biological sequence analysis},
  howpublished={http://hmmer.org/},
  note={Accessed 2025-10-04}
}

% Add additional references cited across semantic_mesh docs (AntiBERTa, AbLang, BALM, IgFold, evaluation/leaderboard docs).