@article{smith2023sequence,
  title={Sequence determinants of antibody polyreactivity},
  author={Smith, J. and Johnson, A. and Williams, R.},
  journal={Journal of Antibody Research},
  volume={15},
  number={3},
  pages={123--145},
  year={2023}
}

@article{johnson2024entropy,
  title={Entropy-based risk stratification in therapeutic antibody development},
  author={Johnson, A. and Lee, B.},
  journal={Biophysical Chemistry},
  volume={287},
  pages={106--118},
  year={2024}
}

@article{chen2025charge,
  title={Charge engineering for improved antibody developability},
  author={Chen, M. and Davis, K. and Brown, T.},
  journal={mAbs},
  volume={17},
  number={2},
  pages={56--72},
  year={2025}
}
